<?xml version="1.0" encoding="UTF-8"?><collection xmlns="http://www.loc.gov/MARC21/slim"><record><leader>00508nam--2200133-i-4500</leader><controlfield tag="001">000041614</controlfield><controlfield tag="002">20161230</controlfield><controlfield tag="005">20161230201043</controlfield><controlfield tag="008">060222s1000------------r-----000-0-eng-d</controlfield><datafield ind1=" " ind2=" " tag="080"><subfield code="a">625.52(094)</subfield></datafield><datafield ind1=" " ind2=" " tag="245"><subfield code="a">Prescriptii tehnice pt.proiectarea, construirea, montarea, exploatarea si verificarea telefericelor destinate transportului de materiale. r12-75</subfield></datafield><datafield ind1=" " ind2=" " tag="260"><subfield code="a">Bucuresti, Ed.Tehnica, 1976, 126p</subfield></datafield><datafield ind1=" " ind2=" " tag="490"><subfield code="a">Colectia Insp.Pt.Cazane, Recipiente Sub Presiune Si Instalatii De Ridicat - Iscir</subfield></datafield><datafield ind1=" " ind2=" " tag="852"><subfield code="a">31064</subfield></datafield></record></collection>